@misc{visual-studio,
  title = {IDE Visual Studio 2019},
  note = {(дата обращения: 4.11.2020)},
  url = {https://visualstudio.microsoft.com/ru/vs/}
}


@misc{Charp,
  title        = {C\#},
  url          = {https://docs.microsoft.com/ru-ru/dotnet/csharp/},
  note         = {(дата обращения: 4.11.2020)}
}

@misc{processor-i3-8130u,
  title        = {Intel® Core™ i3-8130U Processor},
  url          = {https://ark.intel.com/content/www/ru/ru/ark/products/137977/intel-core-i3-8130u-processor-4m-cache-up-to-3-40-ghz.html},
  note         = {(дата обращения: 4.11.2020)}
}

@misc{stopwatch,
  title        = {Stopwatch},
  url          = {https://docs.microsoft.com/ru-ru/dotnet/api/system.diagnostics.stopwatch?view=netcore-3.1},
  note         = {(дата обращения: 4.11.2020)}
}

@misc{thread,
  title        = {Thread},
  url          = {https://docs.microsoft.com/ru-ru/dotnet/api/system.threading.thread?view=netcore-3.1},
  note         = {(дата обращения: 4.11.2020)}
}
